<record><leader>00000cas a2200000 a 4500</leader><controlfield tag="001">12409257</controlfield><controlfield tag="008">850821d18801891ksuwr ne      0    0eng d</controlfield><datafield ind1=" " ind2=" " tag="010"><subfield code="a">sn 85031817 </subfield></datafield><datafield ind1=" " ind2=" " tag="040"><subfield code="a">KSH</subfield><subfield code="b">eng</subfield><subfield code="c">KSH</subfield><subfield code="d">NPT</subfield><subfield code="d">OCL</subfield><subfield code="d">OCLCQ</subfield></datafield><datafield ind1=" " ind2=" " tag="042"><subfield code="a">msc</subfield></datafield><datafield ind1="0" ind2=" " tag="130"><subfield code="a">Sterling gazette (Sterling, Kan.)</subfield></datafield><datafield ind1="1" ind2="0" tag="245"><subfield code="a">Sterling gazette.</subfield></datafield><datafield ind1=" " ind2=" " tag="260"><subfield code="a">Sterling, Kan. :</subfield><subfield code="b">E.B. Cowgill,</subfield><subfield code="c">1880-1891.</subfield></datafield><datafield ind1=" " ind2=" " tag="300"><subfield code="a">11 v. :</subfield><subfield code="b">ill. (chiefly advertisements) ;</subfield><subfield code="c">50-55 cm.</subfield></datafield><datafield ind1=" " ind2=" " tag="310"><subfield code="a">Weekly</subfield></datafield><datafield ind1="0" ind2=" " tag="362"><subfield code="a">Vol. 5, no. 2 (Jan. 22, 1880)-v. 16, no. 26 (June 27, 1891).</subfield></datafield><datafield ind1=" " ind2=" " tag="500"><subfield code="a">Publisher varies.</subfield></datafield><datafield ind1=" " ind2=" " tag="500"><subfield code="a">"Greenbacker."</subfield></datafield><datafield ind1=" " ind2=" " tag="752"><subfield code="a">United States</subfield><subfield code="b">Kansas</subfield><subfield code="c">Rice</subfield><subfield code="d">Sterling.</subfield></datafield><datafield ind1="0" ind2="0" tag="780"><subfield code="t">Rice County gazette</subfield><subfield code="w">(DLC)sn 85031818</subfield></datafield><datafield ind1="0" ind2="7" tag="785"><subfield code="t">Bulletin (Sterling, Kan.)</subfield><subfield code="w">(DLC)sn 85031815</subfield></datafield><datafield ind1="0" ind2="7" tag="785"><subfield code="t">Bulletin and gazette</subfield><subfield code="w">(DLC)sn 85031816</subfield></datafield><datafield ind1="1" ind2=" " tag="029"><subfield code="a">AU@</subfield><subfield code="b">000022173312</subfield></datafield></record>